% Use this file for citations not found in the ACL Anthology (contained in "anthology.bib").

@misc{valevski2024diffusionmodelsrealtimegame,
      title={Diffusion Models Are Real-Time Game Engines}, 
      author={Dani Valevski and Yaniv Leviathan and Moab Arar and Shlomi Fruchter},
      year={2024},
      eprint={2408.14837},
      archivePrefix={arXiv},
      primaryClass={cs.LG},
      url={https://arxiv.org/abs/2408.14837}, 
}

@phdthesis{raffel2016lakhmidi,
  author       = {Colin Raffel},
  title        = {Learning-Based Methods for Comparing Sequences, with Applications to Audio-to-MIDI Alignment and Matching},
  school       = {Columbia University},
    url        = {https://colinraffel.com/projects/lmd/},
  year         = {2016}
}

@article{dimitri2022figaro,
  author       = {Dimitri von R{\"{u}}tte and
                  Luca Biggio and
                  Yannic Kilcher and
                  Thomas Hoffman},
  title        = {{FIGARO:} Generating Symbolic Music with Fine-Grained Artistic Control},
  journal      = {CoRR},
  volume       = {abs/2201.10936},
  year         = {2022},
  url          = {https://arxiv.org/abs/2201.10936},
  eprinttype    = {arXiv},
  eprint       = {2201.10936},
  timestamp    = {Tue, 01 Feb 2022 14:59:01 +0100},
  biburl       = {https://dblp.org/rec/journals/corr/abs-2201-10936.bib},
  bibsource    = {dblp computer science bibliography, https://dblp.org}
}

Colin Raffel. "Learning-Based Methods for Comparing Sequences, with Applications to Audio-to-MIDI Alignment and Matching". PhD Thesis, 2016.
@article{thickstun2023anticipatory,
  title={Anticipatory Music Transformer},
  author={Thickstun, John and Hall, David and Donahue, Chris and Liang, Percy},
  journal={arXiv preprint arXiv:2306.08620},
  year={2023},
  url={https://arxiv.org/abs/2306.08620}
}

@Book{jm3,
  author =       "Daniel Jurafsky and James H. Martin",
  title =        "Speech and Language Processing: An Introduction to
                 Natural Language Processing, Computational Linguistics,
                 and Speech Recognition with Language Models",
  year =         "2024",
  url = {https://web.stanford.edu/~jurafsky/slp3/},
  note = "Online manuscript released August 20, 2024"
  edition =         "3rd",
  }


